%YAML 1.1
%TAG !u! tag:unity3d.com,2011:
--- !u!29 &1
OcclusionCullingSettings:
  m_ObjectHideFlags: 0
  serializedVersion: 2
  m_OcclusionBakeSettings:
    smallestOccluder: 5
    smallestHole: 0.25
    backfaceThreshold: 100
  m_SceneGUID: 00000000000000000000000000000000
  m_OcclusionCullingData: {fileID: 0}
--- !u!104 &2
RenderSettings:
  m_ObjectHideFlags: 0
  serializedVersion: 10
  m_Fog: 0
  m_FogColor: {r: 0.5, g: 0.5, b: 0.5, a: 1}
  m_FogMode: 3
  m_FogDensity: 0.01
  m_LinearFogStart: 0
  m_LinearFogEnd: 300
  m_AmbientSkyColor: {r: 0.212, g: 0.227, b: 0.259, a: 1}
  m_AmbientEquatorColor: {r: 0.114, g: 0.125, b: 0.133, a: 1}
  m_AmbientGroundColor: {r: 0.047, g: 0.043, b: 0.035, a: 1}
  m_AmbientIntensity: 1
  m_AmbientMode: 0
  m_SubtractiveShadowColor: {r: 0.42, g: 0.478, b: 0.627, a: 1}
  m_SkyboxMaterial: {fileID: 2100000, guid: 9b01d7c0e4dfa854eb5dfe2624e27c0f, type: 2}
  m_HaloStrength: 0.5
  m_FlareStrength: 1
  m_FlareFadeSpeed: 3
  m_HaloTexture: {fileID: 0}
  m_SpotCookie: {fileID: 10001, guid: 0000000000000000e000000000000000, type: 0}
  m_DefaultReflectionMode: 0
  m_DefaultReflectionResolution: 128
  m_ReflectionBounces: 1
  m_ReflectionIntensity: 1
  m_CustomReflection: {fileID: 0}
  m_Sun: {fileID: 0}
  m_IndirectSpecularColor: {r: 0.18028378, g: 0.22571412, b: 0.30692285, a: 1}
  m_UseRadianceAmbientProbe: 0
--- !u!157 &3
LightmapSettings:
  m_ObjectHideFlags: 0
  serializedVersion: 12
  m_GISettings:
    serializedVersion: 2
    m_BounceScale: 1
    m_IndirectOutputScale: 1
    m_AlbedoBoost: 1
    m_EnvironmentLightingMode: 0
    m_EnableBakedLightmaps: 1
    m_EnableRealtimeLightmaps: 0
  m_LightmapEditorSettings:
    serializedVersion: 12
    m_Resolution: 2
    m_BakeResolution: 40
    m_AtlasSize: 1024
    m_AO: 0
    m_AOMaxDistance: 1
    m_CompAOExponent: 1
    m_CompAOExponentDirect: 0
    m_ExtractAmbientOcclusion: 0
    m_Padding: 2
    m_LightmapParameters: {fileID: 0}
    m_LightmapsBakeMode: 1
    m_TextureCompression: 1
    m_ReflectionCompression: 2
    m_MixedBakeMode: 2
    m_BakeBackend: 1
    m_PVRSampling: 1
    m_PVRDirectSampleCount: 32
    m_PVRSampleCount: 512
    m_PVRBounces: 2
    m_PVREnvironmentSampleCount: 256
    m_PVREnvironmentReferencePointCount: 2048
    m_PVRFilteringMode: 1
    m_PVRDenoiserTypeDirect: 1
    m_PVRDenoiserTypeIndirect: 1
    m_PVRDenoiserTypeAO: 1
    m_PVRFilterTypeDirect: 0
    m_PVRFilterTypeIndirect: 0
    m_PVRFilterTypeAO: 0
    m_PVREnvironmentMIS: 1
    m_PVRCulling: 1
    m_PVRFilteringGaussRadiusDirect: 1
    m_PVRFilteringGaussRadiusIndirect: 5
    m_PVRFilteringGaussRadiusAO: 2
    m_PVRFilteringAtrousPositionSigmaDirect: 0.5
    m_PVRFilteringAtrousPositionSigmaIndirect: 2
    m_PVRFilteringAtrousPositionSigmaAO: 1
    m_ExportTrainingData: 0
    m_TrainingDataDestination: TrainingData
    m_LightProbeSampleCountMultiplier: 4
  m_LightingDataAsset: {fileID: 20201, guid: 0000000000000000f000000000000000, type: 0}
  m_LightingSettings: {fileID: 0}
--- !u!196 &4
NavMeshSettings:
  serializedVersion: 2
  m_ObjectHideFlags: 0
  m_BuildSettings:
    serializedVersion: 3
    agentTypeID: 0
    agentRadius: 0.5
    agentHeight: 2
    agentSlope: 45
    agentClimb: 0.4
    ledgeDropHeight: 0
    maxJumpAcrossDistance: 0
    minRegionArea: 2
    manualCellSize: 0
    cellSize: 0.16666667
    manualTileSize: 0
    tileSize: 256
    buildHeightMesh: 0
    maxJobWorkers: 0
    preserveTilesOutsideBounds: 0
    debug:
      m_Flags: 0
  m_NavMeshData: {fileID: 0}
--- !u!1 &174246362 stripped
GameObject:
  m_CorrespondingSourceObject: {fileID: 1330610400089194213, guid: 106e83e8ca15ed64ebd43c169c39194d,
    type: 3}
  m_PrefabInstance: {fileID: 448449434}
  m_PrefabAsset: {fileID: 0}
--- !u!114 &174246367
MonoBehaviour:
  m_ObjectHideFlags: 0
  m_CorrespondingSourceObject: {fileID: 0}
  m_PrefabInstance: {fileID: 0}
  m_PrefabAsset: {fileID: 0}
  m_GameObject: {fileID: 174246362}
  m_Enabled: 1
  m_EditorHideFlags: 0
  m_Script: {fileID: 11500000, guid: 5ec6a6c018bb3f64cba008c36ccba92d, type: 3}
  m_Name: 
  m_EditorClassIdentifier: 
  virtualMousePrefab: {fileID: 4310352876312328455, guid: 3b7e5c8c928047e40ae4d3b45068dbed,
    type: 3}
  mouseDistance: 1
  uiLayerMask:
    serializedVersion: 2
    m_Bits: 32
--- !u!4 &311593639 stripped
Transform:
  m_CorrespondingSourceObject: {fileID: 778180326160736897, guid: 106e83e8ca15ed64ebd43c169c39194d,
    type: 3}
  m_PrefabInstance: {fileID: 448449434}
  m_PrefabAsset: {fileID: 0}
--- !u!4 &430789636 stripped
Transform:
  m_CorrespondingSourceObject: {fileID: 13282435318389331, guid: 106e83e8ca15ed64ebd43c169c39194d,
    type: 3}
  m_PrefabInstance: {fileID: 448449434}
  m_PrefabAsset: {fileID: 0}
--- !u!1001 &448449434
PrefabInstance:
  m_ObjectHideFlags: 0
  serializedVersion: 2
  m_Modification:
    serializedVersion: 3
    m_TransformParent: {fileID: 0}
    m_Modifications:
    - target: {fileID: 1446282764634462323, guid: 106e83e8ca15ed64ebd43c169c39194d,
        type: 3}
      propertyPath: m_CullingMask.m_Bits
      value: 4294967295
      objectReference: {fileID: 0}
    - target: {fileID: 3380080566182830555, guid: 106e83e8ca15ed64ebd43c169c39194d,
        type: 3}
      propertyPath: clearanceCheckMask.m_Bits
      value: 4294967295
      objectReference: {fileID: 0}
    - target: {fileID: 3897727548301767337, guid: 106e83e8ca15ed64ebd43c169c39194d,
        type: 3}
      propertyPath: clearanceCheckMask.m_Bits
      value: 4294967295
      objectReference: {fileID: 0}
    - target: {fileID: 5935268849153273180, guid: 106e83e8ca15ed64ebd43c169c39194d,
        type: 3}
      propertyPath: m_LocalPosition.x
      value: 0
      objectReference: {fileID: 0}
    - target: {fileID: 5935268849153273180, guid: 106e83e8ca15ed64ebd43c169c39194d,
        type: 3}
      propertyPath: m_LocalPosition.y
      value: 0.036
      objectReference: {fileID: 0}
    - target: {fileID: 5935268849153273180, guid: 106e83e8ca15ed64ebd43c169c39194d,
        type: 3}
      propertyPath: m_LocalPosition.z
      value: 0
      objectReference: {fileID: 0}
    - target: {fileID: 5935268849153273180, guid: 106e83e8ca15ed64ebd43c169c39194d,
        type: 3}
      propertyPath: m_LocalRotation.w
      value: 1
      objectReference: {fileID: 0}
    - target: {fileID: 5935268849153273180, guid: 106e83e8ca15ed64ebd43c169c39194d,
        type: 3}
      propertyPath: m_LocalRotation.x
      value: 0
      objectReference: {fileID: 0}
    - target: {fileID: 5935268849153273180, guid: 106e83e8ca15ed64ebd43c169c39194d,
        type: 3}
      propertyPath: m_LocalRotation.y
      value: 0
      objectReference: {fileID: 0}
    - target: {fileID: 5935268849153273180, guid: 106e83e8ca15ed64ebd43c169c39194d,
        type: 3}
      propertyPath: m_LocalRotation.z
      value: 0
      objectReference: {fileID: 0}
    - target: {fileID: 5935268849153273180, guid: 106e83e8ca15ed64ebd43c169c39194d,
        type: 3}
      propertyPath: m_LocalEulerAnglesHint.x
      value: 0
      objectReference: {fileID: 0}
    - target: {fileID: 5935268849153273180, guid: 106e83e8ca15ed64ebd43c169c39194d,
        type: 3}
      propertyPath: m_LocalEulerAnglesHint.y
      value: 0
      objectReference: {fileID: 0}
    - target: {fileID: 5935268849153273180, guid: 106e83e8ca15ed64ebd43c169c39194d,
        type: 3}
      propertyPath: m_LocalEulerAnglesHint.z
      value: 0
      objectReference: {fileID: 0}
    - target: {fileID: 5935268849153273180, guid: 106e83e8ca15ed64ebd43c169c39194d,
        type: 3}
      propertyPath: m_ConstrainProportionsScale
      value: 1
      objectReference: {fileID: 0}
    - target: {fileID: 8713097899444700455, guid: 106e83e8ca15ed64ebd43c169c39194d,
        type: 3}
      propertyPath: m_Name
      value: Player
      objectReference: {fileID: 0}
    - target: {fileID: 8713097899444700455, guid: 106e83e8ca15ed64ebd43c169c39194d,
        type: 3}
      propertyPath: m_IsActive
      value: 1
      objectReference: {fileID: 0}
    m_RemovedComponents: []
    m_RemovedGameObjects: []
    m_AddedGameObjects:
    - targetCorrespondingSourceObject: {fileID: 5934509491816199224, guid: 106e83e8ca15ed64ebd43c169c39194d,
        type: 3}
      insertIndex: -1
      addedObject: {fileID: 1500535729}
    - targetCorrespondingSourceObject: {fileID: 13282435318389331, guid: 106e83e8ca15ed64ebd43c169c39194d,
        type: 3}
      insertIndex: -1
      addedObject: {fileID: 1712748732}
    - targetCorrespondingSourceObject: {fileID: 778180326160736897, guid: 106e83e8ca15ed64ebd43c169c39194d,
        type: 3}
      insertIndex: -1
      addedObject: {fileID: 456255658}
    m_AddedComponents:
    - targetCorrespondingSourceObject: {fileID: 1330610400089194213, guid: 106e83e8ca15ed64ebd43c169c39194d,
        type: 3}
      insertIndex: -1
      addedObject: {fileID: 174246367}
  m_SourcePrefab: {fileID: 100100000, guid: 106e83e8ca15ed64ebd43c169c39194d, type: 3}
--- !u!4 &456255658 stripped
Transform:
  m_CorrespondingSourceObject: {fileID: 5146681718063874739, guid: eca8af2c9941a964a899d75f7e559e28,
    type: 3}
  m_PrefabInstance: {fileID: 2073573694}
  m_PrefabAsset: {fileID: 0}
--- !u!1001 &514240753
PrefabInstance:
  m_ObjectHideFlags: 0
  serializedVersion: 2
  m_Modification:
    serializedVersion: 3
    m_TransformParent: {fileID: 0}
    m_Modifications:
    - target: {fileID: 1166519596409570976, guid: 211e53e847a0ad341bd75e97c2305466,
        type: 3}
      propertyPath: m_Name
      value: NetworkManager
      objectReference: {fileID: 0}
    - target: {fileID: 2427640661748591925, guid: 211e53e847a0ad341bd75e97c2305466,
        type: 3}
      propertyPath: m_LocalPosition.x
      value: 0
      objectReference: {fileID: 0}
    - target: {fileID: 2427640661748591925, guid: 211e53e847a0ad341bd75e97c2305466,
        type: 3}
      propertyPath: m_LocalPosition.y
      value: 0
      objectReference: {fileID: 0}
    - target: {fileID: 2427640661748591925, guid: 211e53e847a0ad341bd75e97c2305466,
        type: 3}
      propertyPath: m_LocalPosition.z
      value: 0
      objectReference: {fileID: 0}
    - target: {fileID: 2427640661748591925, guid: 211e53e847a0ad341bd75e97c2305466,
        type: 3}
      propertyPath: m_LocalRotation.w
      value: 1
      objectReference: {fileID: 0}
    - target: {fileID: 2427640661748591925, guid: 211e53e847a0ad341bd75e97c2305466,
        type: 3}
      propertyPath: m_LocalRotation.x
      value: 0
      objectReference: {fileID: 0}
    - target: {fileID: 2427640661748591925, guid: 211e53e847a0ad341bd75e97c2305466,
        type: 3}
      propertyPath: m_LocalRotation.y
      value: 0
      objectReference: {fileID: 0}
    - target: {fileID: 2427640661748591925, guid: 211e53e847a0ad341bd75e97c2305466,
        type: 3}
      propertyPath: m_LocalRotation.z
      value: 0
      objectReference: {fileID: 0}
    - target: {fileID: 2427640661748591925, guid: 211e53e847a0ad341bd75e97c2305466,
        type: 3}
      propertyPath: m_LocalEulerAnglesHint.x
      value: 0
      objectReference: {fileID: 0}
    - target: {fileID: 2427640661748591925, guid: 211e53e847a0ad341bd75e97c2305466,
        type: 3}
      propertyPath: m_LocalEulerAnglesHint.y
      value: 0
      objectReference: {fileID: 0}
    - target: {fileID: 2427640661748591925, guid: 211e53e847a0ad341bd75e97c2305466,
        type: 3}
      propertyPath: m_LocalEulerAnglesHint.z
      value: 0
      objectReference: {fileID: 0}
    - target: {fileID: 9020502967695188088, guid: 211e53e847a0ad341bd75e97c2305466,
        type: 3}
      propertyPath: textJoinCode
      value: 
      objectReference: {fileID: 1627240645}
    - target: {fileID: 9020502967695188088, guid: 211e53e847a0ad341bd75e97c2305466,
        type: 3}
      propertyPath: inputFieldJoinCode
      value: 
      objectReference: {fileID: 1838519233}
    m_RemovedComponents: []
    m_RemovedGameObjects: []
    m_AddedGameObjects: []
    m_AddedComponents: []
  m_SourcePrefab: {fileID: 100100000, guid: 211e53e847a0ad341bd75e97c2305466, type: 3}
--- !u!1001 &648614212
PrefabInstance:
  m_ObjectHideFlags: 0
  serializedVersion: 2
  m_Modification:
    serializedVersion: 3
    m_TransformParent: {fileID: 1758798312}
    m_Modifications:
    - target: {fileID: -7213720350371974376, guid: bde6b5877c384d14ea49202375f61cb8,
        type: 3}
      propertyPath: m_Enabled
      value: 0
      objectReference: {fileID: 0}
    - target: {fileID: -7213720350371974376, guid: bde6b5877c384d14ea49202375f61cb8,
        type: 3}
      propertyPath: m_DirtyAABB
      value: 0
      objectReference: {fileID: 0}
    - target: {fileID: -7213720350371974376, guid: bde6b5877c384d14ea49202375f61cb8,
        type: 3}
      propertyPath: m_AABB.m_Center.x
      value: 9.935799
      objectReference: {fileID: 0}
    - target: {fileID: -7213720350371974376, guid: bde6b5877c384d14ea49202375f61cb8,
        type: 3}
      propertyPath: m_AABB.m_Center.y
      value: -0.15665627
      objectReference: {fileID: 0}
    - target: {fileID: -7213720350371974376, guid: bde6b5877c384d14ea49202375f61cb8,
        type: 3}
      propertyPath: m_AABB.m_Center.z
      value: -0.28510284
      objectReference: {fileID: 0}
    - target: {fileID: -7213720350371974376, guid: bde6b5877c384d14ea49202375f61cb8,
        type: 3}
      propertyPath: m_AABB.m_Extent.x
      value: 126.16209
      objectReference: {fileID: 0}
    - target: {fileID: -7213720350371974376, guid: bde6b5877c384d14ea49202375f61cb8,
        type: 3}
      propertyPath: m_AABB.m_Extent.y
      value: 24.090664
      objectReference: {fileID: 0}
    - target: {fileID: -7213720350371974376, guid: bde6b5877c384d14ea49202375f61cb8,
        type: 3}
      propertyPath: m_AABB.m_Extent.z
      value: 129.29715
      objectReference: {fileID: 0}
    - target: {fileID: -5609321221556402741, guid: bde6b5877c384d14ea49202375f61cb8,
        type: 3}
      propertyPath: m_Name
      value: LocalHandL
      objectReference: {fileID: 0}
    - target: {fileID: 5146681718063874739, guid: bde6b5877c384d14ea49202375f61cb8,
        type: 3}
      propertyPath: m_LocalScale.x
      value: 0.00085
      objectReference: {fileID: 0}
    - target: {fileID: 5146681718063874739, guid: bde6b5877c384d14ea49202375f61cb8,
        type: 3}
      propertyPath: m_LocalScale.y
      value: 0.00085
      objectReference: {fileID: 0}
    - target: {fileID: 5146681718063874739, guid: bde6b5877c384d14ea49202375f61cb8,
        type: 3}
      propertyPath: m_LocalScale.z
      value: 0.00085
      objectReference: {fileID: 0}
    - target: {fileID: 5146681718063874739, guid: bde6b5877c384d14ea49202375f61cb8,
        type: 3}
      propertyPath: m_LocalPosition.x
      value: -0.021
      objectReference: {fileID: 0}
    - target: {fileID: 5146681718063874739, guid: bde6b5877c384d14ea49202375f61cb8,
        type: 3}
      propertyPath: m_LocalPosition.y
      value: -0.0105
      objectReference: {fileID: 0}
    - target: {fileID: 5146681718063874739, guid: bde6b5877c384d14ea49202375f61cb8,
        type: 3}
      propertyPath: m_LocalPosition.z
      value: -0.1125
      objectReference: {fileID: 0}
    - target: {fileID: 5146681718063874739, guid: bde6b5877c384d14ea49202375f61cb8,
        type: 3}
      propertyPath: m_LocalRotation.w
      value: 0.5566554
      objectReference: {fileID: 0}
    - target: {fileID: 5146681718063874739, guid: bde6b5877c384d14ea49202375f61cb8,
        type: 3}
      propertyPath: m_LocalRotation.x
      value: -0.28818402
      objectReference: {fileID: 0}
    - target: {fileID: 5146681718063874739, guid: bde6b5877c384d14ea49202375f61cb8,
        type: 3}
      propertyPath: m_LocalRotation.y
      value: -0.69189984
      objectReference: {fileID: 0}
    - target: {fileID: 5146681718063874739, guid: bde6b5877c384d14ea49202375f61cb8,
        type: 3}
      propertyPath: m_LocalRotation.z
      value: 0.3582729
      objectReference: {fileID: 0}
    - target: {fileID: 5146681718063874739, guid: bde6b5877c384d14ea49202375f61cb8,
        type: 3}
      propertyPath: m_LocalEulerAnglesHint.x
      value: 10.075
      objectReference: {fileID: 0}
    - target: {fileID: 5146681718063874739, guid: bde6b5877c384d14ea49202375f61cb8,
        type: 3}
      propertyPath: m_LocalEulerAnglesHint.y
      value: -97.209
      objectReference: {fileID: 0}
    - target: {fileID: 5146681718063874739, guid: bde6b5877c384d14ea49202375f61cb8,
        type: 3}
      propertyPath: m_LocalEulerAnglesHint.z
      value: 54.111
      objectReference: {fileID: 0}
    m_RemovedComponents: []
    m_RemovedGameObjects: []
    m_AddedGameObjects: []
    m_AddedComponents: []
  m_SourcePrefab: {fileID: 9199261849990390558, guid: bde6b5877c384d14ea49202375f61cb8,
    type: 3}
--- !u!114 &656723659 stripped
MonoBehaviour:
  m_CorrespondingSourceObject: {fileID: 9020502967695188088, guid: 211e53e847a0ad341bd75e97c2305466,
    type: 3}
  m_PrefabInstance: {fileID: 514240753}
  m_PrefabAsset: {fileID: 0}
  m_GameObject: {fileID: 0}
  m_Enabled: 1
  m_EditorHideFlags: 0
  m_Script: {fileID: 11500000, guid: 96044a6153e3eac43b5b4940c2fa2e8a, type: 3}
  m_Name: 
  m_EditorClassIdentifier: 
--- !u!1001 &698964669
PrefabInstance:
  m_ObjectHideFlags: 0
  serializedVersion: 2
  m_Modification:
    serializedVersion: 3
    m_TransformParent: {fileID: 0}
    m_Modifications:
    - target: {fileID: 5541211480536691047, guid: 8ed7b3b2a426f95458713b1485b95f97,
        type: 3}
      propertyPath: m_Name
      value: Teleport
      objectReference: {fileID: 0}
    - target: {fileID: 5541211480536691047, guid: 8ed7b3b2a426f95458713b1485b95f97,
        type: 3}
      propertyPath: m_IsActive
      value: 1
      objectReference: {fileID: 0}
    - target: {fileID: 9097416662013937888, guid: 8ed7b3b2a426f95458713b1485b95f97,
        type: 3}
      propertyPath: m_LocalPosition.x
      value: 2.91
      objectReference: {fileID: 0}
    - target: {fileID: 9097416662013937888, guid: 8ed7b3b2a426f95458713b1485b95f97,
        type: 3}
      propertyPath: m_LocalPosition.y
      value: 0
      objectReference: {fileID: 0}
    - target: {fileID: 9097416662013937888, guid: 8ed7b3b2a426f95458713b1485b95f97,
        type: 3}
      propertyPath: m_LocalPosition.z
      value: -1.79
      objectReference: {fileID: 0}
    - target: {fileID: 9097416662013937888, guid: 8ed7b3b2a426f95458713b1485b95f97,
        type: 3}
      propertyPath: m_LocalRotation.w
      value: 1
      objectReference: {fileID: 0}
    - target: {fileID: 9097416662013937888, guid: 8ed7b3b2a426f95458713b1485b95f97,
        type: 3}
      propertyPath: m_LocalRotation.x
      value: 0
      objectReference: {fileID: 0}
    - target: {fileID: 9097416662013937888, guid: 8ed7b3b2a426f95458713b1485b95f97,
        type: 3}
      propertyPath: m_LocalRotation.y
      value: 0
      objectReference: {fileID: 0}
    - target: {fileID: 9097416662013937888, guid: 8ed7b3b2a426f95458713b1485b95f97,
        type: 3}
      propertyPath: m_LocalRotation.z
      value: 0
      objectReference: {fileID: 0}
    - target: {fileID: 9097416662013937888, guid: 8ed7b3b2a426f95458713b1485b95f97,
        type: 3}
      propertyPath: m_LocalEulerAnglesHint.x
      value: 0
      objectReference: {fileID: 0}
    - target: {fileID: 9097416662013937888, guid: 8ed7b3b2a426f95458713b1485b95f97,
        type: 3}
      propertyPath: m_LocalEulerAnglesHint.y
      value: 0
      objectReference: {fileID: 0}
    - target: {fileID: 9097416662013937888, guid: 8ed7b3b2a426f95458713b1485b95f97,
        type: 3}
      propertyPath: m_LocalEulerAnglesHint.z
      value: 0
      objectReference: {fileID: 0}
    m_RemovedComponents: []
    m_RemovedGameObjects: []
    m_AddedGameObjects: []
    m_AddedComponents: []
  m_SourcePrefab: {fileID: 100100000, guid: 8ed7b3b2a426f95458713b1485b95f97, type: 3}
--- !u!1001 &1199845259
PrefabInstance:
  m_ObjectHideFlags: 0
  serializedVersion: 2
  m_Modification:
    serializedVersion: 3
    m_TransformParent: {fileID: 430789636}
    m_Modifications:
    - target: {fileID: -7213720350371974376, guid: bde6b5877c384d14ea49202375f61cb8,
        type: 3}
      propertyPath: m_Enabled
      value: 0
      objectReference: {fileID: 0}
    - target: {fileID: -7213720350371974376, guid: bde6b5877c384d14ea49202375f61cb8,
        type: 3}
      propertyPath: m_DirtyAABB
      value: 0
      objectReference: {fileID: 0}
    - target: {fileID: -7213720350371974376, guid: bde6b5877c384d14ea49202375f61cb8,
        type: 3}
      propertyPath: m_AABB.m_Center.x
      value: 9.935799
      objectReference: {fileID: 0}
    - target: {fileID: -7213720350371974376, guid: bde6b5877c384d14ea49202375f61cb8,
        type: 3}
      propertyPath: m_AABB.m_Center.y
      value: -0.15665627
      objectReference: {fileID: 0}
    - target: {fileID: -7213720350371974376, guid: bde6b5877c384d14ea49202375f61cb8,
        type: 3}
      propertyPath: m_AABB.m_Center.z
      value: -0.28510284
      objectReference: {fileID: 0}
    - target: {fileID: -7213720350371974376, guid: bde6b5877c384d14ea49202375f61cb8,
        type: 3}
      propertyPath: m_AABB.m_Extent.x
      value: 126.16209
      objectReference: {fileID: 0}
    - target: {fileID: -7213720350371974376, guid: bde6b5877c384d14ea49202375f61cb8,
        type: 3}
      propertyPath: m_AABB.m_Extent.y
      value: 24.090664
      objectReference: {fileID: 0}
    - target: {fileID: -7213720350371974376, guid: bde6b5877c384d14ea49202375f61cb8,
        type: 3}
      propertyPath: m_AABB.m_Extent.z
      value: 129.29715
      objectReference: {fileID: 0}
    - target: {fileID: -5609321221556402741, guid: bde6b5877c384d14ea49202375f61cb8,
        type: 3}
      propertyPath: m_Name
      value: LocalHandR
      objectReference: {fileID: 0}
    - target: {fileID: 5146681718063874739, guid: bde6b5877c384d14ea49202375f61cb8,
        type: 3}
      propertyPath: m_LocalScale.x
      value: 0.00085
      objectReference: {fileID: 0}
    - target: {fileID: 5146681718063874739, guid: bde6b5877c384d14ea49202375f61cb8,
        type: 3}
      propertyPath: m_LocalScale.y
      value: 0.00085
      objectReference: {fileID: 0}
    - target: {fileID: 5146681718063874739, guid: bde6b5877c384d14ea49202375f61cb8,
        type: 3}
      propertyPath: m_LocalScale.z
      value: 0.00085
      objectReference: {fileID: 0}
    - target: {fileID: 5146681718063874739, guid: bde6b5877c384d14ea49202375f61cb8,
        type: 3}
      propertyPath: m_LocalPosition.x
      value: 0.024
      objectReference: {fileID: 0}
    - target: {fileID: 5146681718063874739, guid: bde6b5877c384d14ea49202375f61cb8,
        type: 3}
      propertyPath: m_LocalPosition.y
      value: -0.006
      objectReference: {fileID: 0}
    - target: {fileID: 5146681718063874739, guid: bde6b5877c384d14ea49202375f61cb8,
        type: 3}
      propertyPath: m_LocalPosition.z
      value: -0.113
      objectReference: {fileID: 0}
    - target: {fileID: 5146681718063874739, guid: bde6b5877c384d14ea49202375f61cb8,
        type: 3}
      propertyPath: m_LocalRotation.w
      value: 0.68483806
      objectReference: {fileID: 0}
    - target: {fileID: 5146681718063874739, guid: bde6b5877c384d14ea49202375f61cb8,
        type: 3}
      propertyPath: m_LocalRotation.x
      value: -0.30562595
      objectReference: {fileID: 0}
    - target: {fileID: 5146681718063874739, guid: bde6b5877c384d14ea49202375f61cb8,
        type: 3}
      propertyPath: m_LocalRotation.y
      value: 0.60408044
      objectReference: {fileID: 0}
    - target: {fileID: 5146681718063874739, guid: bde6b5877c384d14ea49202375f61cb8,
        type: 3}
      propertyPath: m_LocalRotation.z
      value: -0.2695858
      objectReference: {fileID: 0}
    - target: {fileID: 5146681718063874739, guid: bde6b5877c384d14ea49202375f61cb8,
        type: 3}
      propertyPath: m_LocalEulerAnglesHint.x
      value: -5.331
      objectReference: {fileID: 0}
    - target: {fileID: 5146681718063874739, guid: bde6b5877c384d14ea49202375f61cb8,
        type: 3}
      propertyPath: m_LocalEulerAnglesHint.y
      value: 85.198
      objectReference: {fileID: 0}
    - target: {fileID: 5146681718063874739, guid: bde6b5877c384d14ea49202375f61cb8,
        type: 3}
      propertyPath: m_LocalEulerAnglesHint.z
      value: -47.876
      objectReference: {fileID: 0}
    - target: {fileID: 5146681718063874739, guid: bde6b5877c384d14ea49202375f61cb8,
        type: 3}
      propertyPath: m_ConstrainProportionsScale
      value: 1
      objectReference: {fileID: 0}
    m_RemovedComponents: []
    m_RemovedGameObjects: []
    m_AddedGameObjects: []
    m_AddedComponents: []
  m_SourcePrefab: {fileID: 9199261849990390558, guid: bde6b5877c384d14ea49202375f61cb8,
    type: 3}
--- !u!1001 &1231370016
PrefabInstance:
  m_ObjectHideFlags: 0
  serializedVersion: 2
  m_Modification:
    serializedVersion: 3
    m_TransformParent: {fileID: 0}
    m_Modifications:
    - target: {fileID: 1660945224282280173, guid: 6fb321fb577320145b49d74f16818838,
        type: 3}
      propertyPath: m_Name
      value: Enviroment
      objectReference: {fileID: 0}
    - target: {fileID: 5555538767228846966, guid: 6fb321fb577320145b49d74f16818838,
        type: 3}
      propertyPath: m_LocalPosition.x
      value: 0
      objectReference: {fileID: 0}
    - target: {fileID: 5555538767228846966, guid: 6fb321fb577320145b49d74f16818838,
        type: 3}
      propertyPath: m_LocalPosition.y
      value: 0
      objectReference: {fileID: 0}
    - target: {fileID: 5555538767228846966, guid: 6fb321fb577320145b49d74f16818838,
        type: 3}
      propertyPath: m_LocalPosition.z
      value: 0
      objectReference: {fileID: 0}
    - target: {fileID: 5555538767228846966, guid: 6fb321fb577320145b49d74f16818838,
        type: 3}
      propertyPath: m_LocalRotation.w
      value: 1
      objectReference: {fileID: 0}
    - target: {fileID: 5555538767228846966, guid: 6fb321fb577320145b49d74f16818838,
        type: 3}
      propertyPath: m_LocalRotation.x
      value: 0
      objectReference: {fileID: 0}
    - target: {fileID: 5555538767228846966, guid: 6fb321fb577320145b49d74f16818838,
        type: 3}
      propertyPath: m_LocalRotation.y
      value: 0
      objectReference: {fileID: 0}
    - target: {fileID: 5555538767228846966, guid: 6fb321fb577320145b49d74f16818838,
        type: 3}
      propertyPath: m_LocalRotation.z
      value: 0
      objectReference: {fileID: 0}
    - target: {fileID: 5555538767228846966, guid: 6fb321fb577320145b49d74f16818838,
        type: 3}
      propertyPath: m_LocalEulerAnglesHint.x
      value: 0
      objectReference: {fileID: 0}
    - target: {fileID: 5555538767228846966, guid: 6fb321fb577320145b49d74f16818838,
        type: 3}
      propertyPath: m_LocalEulerAnglesHint.y
      value: 0
      objectReference: {fileID: 0}
    - target: {fileID: 5555538767228846966, guid: 6fb321fb577320145b49d74f16818838,
        type: 3}
      propertyPath: m_LocalEulerAnglesHint.z
      value: 0
      objectReference: {fileID: 0}
    m_RemovedComponents: []
    m_RemovedGameObjects: []
    m_AddedGameObjects: []
    m_AddedComponents: []
  m_SourcePrefab: {fileID: 100100000, guid: 6fb321fb577320145b49d74f16818838, type: 3}
--- !u!1001 &1248357701
PrefabInstance:
  m_ObjectHideFlags: 0
  serializedVersion: 2
  m_Modification:
    serializedVersion: 3
    m_TransformParent: {fileID: 0}
    m_Modifications:
    - target: {fileID: 686404238795623450, guid: efaf092ec4193ec48a9e79b81c540658,
        type: 3}
      propertyPath: m_OnClick.m_PersistentCalls.m_Calls.Array.data[0].m_Target
      value: 
      objectReference: {fileID: 656723659}
    - target: {fileID: 686404238795623450, guid: efaf092ec4193ec48a9e79b81c540658,
        type: 3}
      propertyPath: m_OnClick.m_PersistentCalls.m_Calls.Array.data[0].m_MethodName
      value: OnInvite
      objectReference: {fileID: 0}
    - target: {fileID: 3786056128832913971, guid: efaf092ec4193ec48a9e79b81c540658,
        type: 3}
      propertyPath: m_text
      value: Join Code
      objectReference: {fileID: 0}
    - target: {fileID: 4380879561311623999, guid: efaf092ec4193ec48a9e79b81c540658,
        type: 3}
      propertyPath: m_Name
      value: PanelInvite
      objectReference: {fileID: 0}
    - target: {fileID: 4771181202661038833, guid: efaf092ec4193ec48a9e79b81c540658,
        type: 3}
      propertyPath: m_Name
      value: UI
      objectReference: {fileID: 0}
    - target: {fileID: 5262961639762143405, guid: efaf092ec4193ec48a9e79b81c540658,
        type: 3}
      propertyPath: m_Name
      value: CanvasNoVRUI
      objectReference: {fileID: 0}
    - target: {fileID: 5474295557691512316, guid: efaf092ec4193ec48a9e79b81c540658,
        type: 3}
      propertyPath: m_OnClick.m_PersistentCalls.m_Calls.Array.data[0].m_Target
      value: 
      objectReference: {fileID: 656723659}
    - target: {fileID: 5474295557691512316, guid: efaf092ec4193ec48a9e79b81c540658,
        type: 3}
      propertyPath: m_OnClick.m_PersistentCalls.m_Calls.Array.data[0].m_MethodName
      value: OnJoin
      objectReference: {fileID: 0}
    - target: {fileID: 5506593371708151006, guid: efaf092ec4193ec48a9e79b81c540658,
        type: 3}
      propertyPath: m_Name
      value: PanelJoin
      objectReference: {fileID: 0}
    - target: {fileID: 5877070406393535293, guid: efaf092ec4193ec48a9e79b81c540658,
        type: 3}
      propertyPath: m_AnchorMax.x
      value: 0.5
      objectReference: {fileID: 0}
    - target: {fileID: 5877070406393535293, guid: efaf092ec4193ec48a9e79b81c540658,
        type: 3}
      propertyPath: m_AnchorMax.y
      value: 0
      objectReference: {fileID: 0}
    - target: {fileID: 5877070406393535293, guid: efaf092ec4193ec48a9e79b81c540658,
        type: 3}
      propertyPath: m_AnchorMin.x
      value: 0.5
      objectReference: {fileID: 0}
    - target: {fileID: 5877070406393535293, guid: efaf092ec4193ec48a9e79b81c540658,
        type: 3}
      propertyPath: m_AnchorMin.y
      value: 0
      objectReference: {fileID: 0}
    - target: {fileID: 5877070406393535293, guid: efaf092ec4193ec48a9e79b81c540658,
        type: 3}
      propertyPath: m_AnchoredPosition.x
      value: 0
      objectReference: {fileID: 0}
    - target: {fileID: 5877070406393535293, guid: efaf092ec4193ec48a9e79b81c540658,
        type: 3}
      propertyPath: m_AnchoredPosition.y
      value: 79.5
      objectReference: {fileID: 0}
    - target: {fileID: 6703999058256198772, guid: efaf092ec4193ec48a9e79b81c540658,
        type: 3}
      propertyPath: m_Name
      value: CanvasWorldSpaceN
      objectReference: {fileID: 0}
    - target: {fileID: 7253051480454888159, guid: efaf092ec4193ec48a9e79b81c540658,
        type: 3}
      propertyPath: m_LocalPosition.x
      value: 0
      objectReference: {fileID: 0}
    - target: {fileID: 7253051480454888159, guid: efaf092ec4193ec48a9e79b81c540658,
        type: 3}
      propertyPath: m_LocalPosition.y
      value: 0
      objectReference: {fileID: 0}
    - target: {fileID: 7253051480454888159, guid: efaf092ec4193ec48a9e79b81c540658,
        type: 3}
      propertyPath: m_LocalPosition.z
      value: 0
      objectReference: {fileID: 0}
    - target: {fileID: 7253051480454888159, guid: efaf092ec4193ec48a9e79b81c540658,
        type: 3}
      propertyPath: m_LocalRotation.w
      value: 1
      objectReference: {fileID: 0}
    - target: {fileID: 7253051480454888159, guid: efaf092ec4193ec48a9e79b81c540658,
        type: 3}
      propertyPath: m_LocalRotation.x
      value: 0
      objectReference: {fileID: 0}
    - target: {fileID: 7253051480454888159, guid: efaf092ec4193ec48a9e79b81c540658,
        type: 3}
      propertyPath: m_LocalRotation.y
      value: 0
      objectReference: {fileID: 0}
    - target: {fileID: 7253051480454888159, guid: efaf092ec4193ec48a9e79b81c540658,
        type: 3}
      propertyPath: m_LocalRotation.z
      value: 0
      objectReference: {fileID: 0}
    - target: {fileID: 7253051480454888159, guid: efaf092ec4193ec48a9e79b81c540658,
        type: 3}
      propertyPath: m_LocalEulerAnglesHint.x
      value: 0
      objectReference: {fileID: 0}
    - target: {fileID: 7253051480454888159, guid: efaf092ec4193ec48a9e79b81c540658,
        type: 3}
      propertyPath: m_LocalEulerAnglesHint.y
      value: 0
      objectReference: {fileID: 0}
    - target: {fileID: 7253051480454888159, guid: efaf092ec4193ec48a9e79b81c540658,
        type: 3}
      propertyPath: m_LocalEulerAnglesHint.z
      value: 0
      objectReference: {fileID: 0}
    - target: {fileID: 7307005202333629931, guid: efaf092ec4193ec48a9e79b81c540658,
        type: 3}
      propertyPath: m_AnchorMax.x
      value: 0.5
      objectReference: {fileID: 0}
    - target: {fileID: 7307005202333629931, guid: efaf092ec4193ec48a9e79b81c540658,
        type: 3}
      propertyPath: m_AnchorMax.y
      value: 0
      objectReference: {fileID: 0}
    - target: {fileID: 7307005202333629931, guid: efaf092ec4193ec48a9e79b81c540658,
        type: 3}
      propertyPath: m_AnchorMin.x
      value: 0.5
      objectReference: {fileID: 0}
    - target: {fileID: 7307005202333629931, guid: efaf092ec4193ec48a9e79b81c540658,
        type: 3}
      propertyPath: m_AnchorMin.y
      value: 0
      objectReference: {fileID: 0}
    - target: {fileID: 7307005202333629931, guid: efaf092ec4193ec48a9e79b81c540658,
        type: 3}
      propertyPath: m_AnchoredPosition.x
      value: 0
      objectReference: {fileID: 0}
    - target: {fileID: 7307005202333629931, guid: efaf092ec4193ec48a9e79b81c540658,
        type: 3}
      propertyPath: m_AnchoredPosition.y
      value: 38.9
      objectReference: {fileID: 0}
    m_RemovedComponents: []
    m_RemovedGameObjects: []
    m_AddedGameObjects:
    - targetCorrespondingSourceObject: {fileID: 1500277302992291081, guid: efaf092ec4193ec48a9e79b81c540658,
        type: 3}
      insertIndex: 1
      addedObject: {fileID: 1878202442}
    m_AddedComponents: []
  m_SourcePrefab: {fileID: 100100000, guid: efaf092ec4193ec48a9e79b81c540658, type: 3}
--- !u!1 &1347271296
GameObject:
  m_ObjectHideFlags: 0
  m_CorrespondingSourceObject: {fileID: 0}
  m_PrefabInstance: {fileID: 0}
  m_PrefabAsset: {fileID: 0}
  serializedVersion: 6
  m_Component:
  - component: {fileID: 1347271297}
  - component: {fileID: 1347271299}
  - component: {fileID: 1347271298}
  m_Layer: 0
  m_Name: Text (TMP)
  m_TagString: Untagged
  m_Icon: {fileID: 0}
  m_NavMeshLayer: 0
  m_StaticEditorFlags: 0
  m_IsActive: 1
--- !u!224 &1347271297
RectTransform:
  m_ObjectHideFlags: 0
  m_CorrespondingSourceObject: {fileID: 0}
  m_PrefabInstance: {fileID: 0}
  m_PrefabAsset: {fileID: 0}
  m_GameObject: {fileID: 1347271296}
  m_LocalRotation: {x: 0, y: 0, z: 0, w: 1}
  m_LocalPosition: {x: 0, y: 0, z: 0}
  m_LocalScale: {x: 1, y: 1, z: 1}
  m_ConstrainProportionsScale: 0
  m_Children: []
  m_Father: {fileID: 1878202442}
  m_LocalEulerAnglesHint: {x: 0, y: 0, z: 0}
  m_AnchorMin: {x: 0, y: 0}
  m_AnchorMax: {x: 1, y: 1}
  m_AnchoredPosition: {x: 0, y: 0}
  m_SizeDelta: {x: 0, y: 0}
  m_Pivot: {x: 0.5, y: 0.5}
--- !u!114 &1347271298
MonoBehaviour:
  m_ObjectHideFlags: 0
  m_CorrespondingSourceObject: {fileID: 0}
  m_PrefabInstance: {fileID: 0}
  m_PrefabAsset: {fileID: 0}
  m_GameObject: {fileID: 1347271296}
  m_Enabled: 1
  m_EditorHideFlags: 0
  m_Script: {fileID: 11500000, guid: f4688fdb7df04437aeb418b961361dc5, type: 3}
  m_Name: 
  m_EditorClassIdentifier: 
  m_Material: {fileID: 0}
  m_Color: {r: 1, g: 1, b: 1, a: 1}
  m_RaycastTarget: 1
  m_RaycastPadding: {x: 0, y: 0, z: 0, w: 0}
  m_Maskable: 1
  m_OnCullStateChanged:
    m_PersistentCalls:
      m_Calls: []
  m_text: Invite
  m_isRightToLeft: 0
  m_fontAsset: {fileID: 11400000, guid: 8f586378b4e144a9851e7b34d9b748ee, type: 2}
  m_sharedMaterial: {fileID: 2180264, guid: 8f586378b4e144a9851e7b34d9b748ee, type: 2}
  m_fontSharedMaterials: []
  m_fontMaterial: {fileID: 0}
  m_fontMaterials: []
  m_fontColor32:
    serializedVersion: 2
    rgba: 4281479730
  m_fontColor: {r: 0.19607843, g: 0.19607843, b: 0.19607843, a: 1}
  m_enableVertexGradient: 0
  m_colorMode: 3
  m_fontColorGradient:
    topLeft: {r: 1, g: 1, b: 1, a: 1}
    topRight: {r: 1, g: 1, b: 1, a: 1}
    bottomLeft: {r: 1, g: 1, b: 1, a: 1}
    bottomRight: {r: 1, g: 1, b: 1, a: 1}
  m_fontColorGradientPreset: {fileID: 0}
  m_spriteAsset: {fileID: 0}
  m_tintAllSprites: 0
  m_StyleSheet: {fileID: 0}
  m_TextStyleHashCode: -1183493901
  m_overrideHtmlColors: 0
  m_faceColor:
    serializedVersion: 2
    rgba: 4294967295
  m_fontSize: 24
  m_fontSizeBase: 24
  m_fontWeight: 400
  m_enableAutoSizing: 0
  m_fontSizeMin: 18
  m_fontSizeMax: 72
  m_fontStyle: 0
  m_HorizontalAlignment: 2
  m_VerticalAlignment: 512
  m_textAlignment: 65535
  m_characterSpacing: 0
  m_wordSpacing: 0
  m_lineSpacing: 0
  m_lineSpacingMax: 0
  m_paragraphSpacing: 0
  m_charWidthMaxAdj: 0
  m_TextWrappingMode: 1
  m_wordWrappingRatios: 0.4
  m_overflowMode: 0
  m_linkedTextComponent: {fileID: 0}
  parentLinkedComponent: {fileID: 0}
  m_enableKerning: 0
  m_ActiveFontFeatures: 6e72656b
  m_enableExtraPadding: 0
  checkPaddingRequired: 0
  m_isRichText: 1
  m_EmojiFallbackSupport: 1
  m_parseCtrlCharacters: 1
  m_isOrthographic: 1
  m_isCullingEnabled: 0
  m_horizontalMapping: 0
  m_verticalMapping: 0
  m_uvLineOffset: 0
  m_geometrySortingOrder: 0
  m_IsTextObjectScaleStatic: 0
  m_VertexBufferAutoSizeReduction: 0
  m_useMaxVisibleDescender: 1
  m_pageToDisplay: 1
  m_margin: {x: 0, y: 0, z: 0, w: 0}
  m_isUsingLegacyAnimationComponent: 0
  m_isVolumetricText: 0
  m_hasFontAssetChanged: 0
  m_baseMaterial: {fileID: 0}
  m_maskOffset: {x: 0, y: 0, z: 0, w: 0}
--- !u!222 &1347271299
CanvasRenderer:
  m_ObjectHideFlags: 0
  m_CorrespondingSourceObject: {fileID: 0}
  m_PrefabInstance: {fileID: 0}
  m_PrefabAsset: {fileID: 0}
  m_GameObject: {fileID: 1347271296}
  m_CullTransparentMesh: 1
--- !u!4 &1500535729 stripped
Transform:
  m_CorrespondingSourceObject: {fileID: 5146681718063874739, guid: bde6b5877c384d14ea49202375f61cb8,
    type: 3}
  m_PrefabInstance: {fileID: 648614212}
  m_PrefabAsset: {fileID: 0}
--- !u!114 &1627240645 stripped
MonoBehaviour:
  m_CorrespondingSourceObject: {fileID: 8507684885866491624, guid: efaf092ec4193ec48a9e79b81c540658,
    type: 3}
  m_PrefabInstance: {fileID: 1248357701}
  m_PrefabAsset: {fileID: 0}
  m_GameObject: {fileID: 0}
  m_Enabled: 1
  m_EditorHideFlags: 0
  m_Script: {fileID: 11500000, guid: 5f7201a12d95ffc409449d95f23cf332, type: 3}
  m_Name: 
  m_EditorClassIdentifier: 
--- !u!4 &1712748732 stripped
Transform:
  m_CorrespondingSourceObject: {fileID: 5146681718063874739, guid: bde6b5877c384d14ea49202375f61cb8,
    type: 3}
  m_PrefabInstance: {fileID: 1199845259}
  m_PrefabAsset: {fileID: 0}
--- !u!4 &1758798312 stripped
Transform:
  m_CorrespondingSourceObject: {fileID: 5934509491816199224, guid: 106e83e8ca15ed64ebd43c169c39194d,
    type: 3}
  m_PrefabInstance: {fileID: 448449434}
  m_PrefabAsset: {fileID: 0}
--- !u!114 &1838519233 stripped
MonoBehaviour:
  m_CorrespondingSourceObject: {fileID: 5105325885614012235, guid: efaf092ec4193ec48a9e79b81c540658,
    type: 3}
  m_PrefabInstance: {fileID: 1248357701}
  m_PrefabAsset: {fileID: 0}
  m_GameObject: {fileID: 0}
  m_Enabled: 1
  m_EditorHideFlags: 0
  m_Script: {fileID: 11500000, guid: 2da0c512f12947e489f739169773d7ca, type: 3}
  m_Name: 
  m_EditorClassIdentifier: 
--- !u!1 &1878202441
GameObject:
  m_ObjectHideFlags: 0
  m_CorrespondingSourceObject: {fileID: 0}
  m_PrefabInstance: {fileID: 0}
  m_PrefabAsset: {fileID: 0}
  serializedVersion: 6
  m_Component:
  - component: {fileID: 1878202442}
  - component: {fileID: 1878202445}
  - component: {fileID: 1878202444}
  - component: {fileID: 1878202443}
  m_Layer: 0
  m_Name: Button Test (1)
  m_TagString: Untagged
  m_Icon: {fileID: 0}
  m_NavMeshLayer: 0
  m_StaticEditorFlags: 0
  m_IsActive: 1
--- !u!224 &1878202442
RectTransform:
  m_ObjectHideFlags: 0
  m_CorrespondingSourceObject: {fileID: 0}
  m_PrefabInstance: {fileID: 0}
  m_PrefabAsset: {fileID: 0}
  m_GameObject: {fileID: 1878202441}
  m_LocalRotation: {x: 0, y: 0, z: 0, w: 1}
  m_LocalPosition: {x: 0, y: 0, z: 0}
  m_LocalScale: {x: 1, y: 1, z: 1}
  m_ConstrainProportionsScale: 0
  m_Children:
  - {fileID: 1347271297}
  m_Father: {fileID: 1913694633}
  m_LocalEulerAnglesHint: {x: 0, y: 0, z: 0}
  m_AnchorMin: {x: 0.5, y: 0}
  m_AnchorMax: {x: 0.5, y: 0}
  m_AnchoredPosition: {x: -169.54004, y: 39}
  m_SizeDelta: {x: 160, y: 30}
  m_Pivot: {x: 0.5, y: 0.5}
--- !u!114 &1878202443
MonoBehaviour:
  m_ObjectHideFlags: 0
  m_CorrespondingSourceObject: {fileID: 0}
  m_PrefabInstance: {fileID: 0}
  m_PrefabAsset: {fileID: 0}
  m_GameObject: {fileID: 1878202441}
  m_Enabled: 1
  m_EditorHideFlags: 0
  m_Script: {fileID: 11500000, guid: 4e29b1a8efbd4b44bb3f3716e73f07ff, type: 3}
  m_Name: 
  m_EditorClassIdentifier: 
  m_Navigation:
    m_Mode: 3
    m_WrapAround: 0
    m_SelectOnUp: {fileID: 0}
    m_SelectOnDown: {fileID: 0}
    m_SelectOnLeft: {fileID: 0}
    m_SelectOnRight: {fileID: 0}
  m_Transition: 1
  m_Colors:
    m_NormalColor: {r: 1, g: 1, b: 1, a: 1}
    m_HighlightedColor: {r: 0.9607843, g: 0.9607843, b: 0.9607843, a: 1}
    m_PressedColor: {r: 0.78431374, g: 0.78431374, b: 0.78431374, a: 1}
    m_SelectedColor: {r: 0.9607843, g: 0.9607843, b: 0.9607843, a: 1}
    m_DisabledColor: {r: 0.78431374, g: 0.78431374, b: 0.78431374, a: 0.5019608}
    m_ColorMultiplier: 1
    m_FadeDuration: 0.1
  m_SpriteState:
    m_HighlightedSprite: {fileID: 0}
    m_PressedSprite: {fileID: 0}
    m_SelectedSprite: {fileID: 0}
    m_DisabledSprite: {fileID: 0}
  m_AnimationTriggers:
    m_NormalTrigger: Normal
    m_HighlightedTrigger: Highlighted
    m_PressedTrigger: Pressed
    m_SelectedTrigger: Selected
    m_DisabledTrigger: Disabled
  m_Interactable: 1
  m_TargetGraphic: {fileID: 1878202444}
  m_OnClick:
    m_PersistentCalls:
      m_Calls:
      - m_Target: {fileID: 1913694634}
        m_TargetAssemblyTypeName: Test.TestNetworkingWithoutVR, Assembly-CSharp
        m_MethodName: OnInvite
        m_Mode: 1
        m_Arguments:
          m_ObjectArgument: {fileID: 0}
          m_ObjectArgumentAssemblyTypeName: UnityEngine.Object, UnityEngine
          m_IntArgument: 0
          m_FloatArgument: 0
          m_StringArgument: 
          m_BoolArgument: 0
        m_CallState: 2
--- !u!114 &1878202444
MonoBehaviour:
  m_ObjectHideFlags: 0
  m_CorrespondingSourceObject: {fileID: 0}
  m_PrefabInstance: {fileID: 0}
  m_PrefabAsset: {fileID: 0}
  m_GameObject: {fileID: 1878202441}
  m_Enabled: 1
  m_EditorHideFlags: 0
  m_Script: {fileID: 11500000, guid: fe87c0e1cc204ed48ad3b37840f39efc, type: 3}
  m_Name: 
  m_EditorClassIdentifier: 
  m_Material: {fileID: 0}
  m_Color: {r: 1, g: 1, b: 1, a: 1}
  m_RaycastTarget: 1
  m_RaycastPadding: {x: 0, y: 0, z: 0, w: 0}
  m_Maskable: 1
  m_OnCullStateChanged:
    m_PersistentCalls:
      m_Calls: []
  m_Sprite: {fileID: 10905, guid: 0000000000000000f000000000000000, type: 0}
  m_Type: 1
  m_PreserveAspect: 0
  m_FillCenter: 1
  m_FillMethod: 4
  m_FillAmount: 1
  m_FillClockwise: 1
  m_FillOrigin: 0
  m_UseSpriteMesh: 0
  m_PixelsPerUnitMultiplier: 1
--- !u!222 &1878202445
CanvasRenderer:
  m_ObjectHideFlags: 0
  m_CorrespondingSourceObject: {fileID: 0}
  m_PrefabInstance: {fileID: 0}
  m_PrefabAsset: {fileID: 0}
  m_GameObject: {fileID: 1878202441}
  m_CullTransparentMesh: 1
--- !u!224 &1913694633 stripped
RectTransform:
  m_CorrespondingSourceObject: {fileID: 1500277302992291081, guid: efaf092ec4193ec48a9e79b81c540658,
    type: 3}
  m_PrefabInstance: {fileID: 1248357701}
  m_PrefabAsset: {fileID: 0}
--- !u!114 &1913694634 stripped
MonoBehaviour:
  m_CorrespondingSourceObject: {fileID: 223304221519679077, guid: efaf092ec4193ec48a9e79b81c540658,
    type: 3}
  m_PrefabInstance: {fileID: 1248357701}
  m_PrefabAsset: {fileID: 0}
  m_GameObject: {fileID: 0}
  m_Enabled: 1
  m_EditorHideFlags: 0
  m_Script: {fileID: 11500000, guid: b5e70b478bbc07f448ba2d8b4e537c1e, type: 3}
  m_Name: 
  m_EditorClassIdentifier: 
--- !u!1001 &2073573694
PrefabInstance:
  m_ObjectHideFlags: 0
  serializedVersion: 2
  m_Modification:
    serializedVersion: 3
    m_TransformParent: {fileID: 311593639}
    m_Modifications:
    - target: {fileID: -5609321221556402741, guid: eca8af2c9941a964a899d75f7e559e28,
        type: 3}
      propertyPath: m_Name
      value: Local Player Head
      objectReference: {fileID: 0}
    - target: {fileID: 5146681718063874739, guid: eca8af2c9941a964a899d75f7e559e28,
        type: 3}
      propertyPath: m_LocalScale.x
      value: 0.02
      objectReference: {fileID: 0}
    - target: {fileID: 5146681718063874739, guid: eca8af2c9941a964a899d75f7e559e28,
        type: 3}
      propertyPath: m_LocalScale.y
      value: 0.02
      objectReference: {fileID: 0}
    - target: {fileID: 5146681718063874739, guid: eca8af2c9941a964a899d75f7e559e28,
        type: 3}
      propertyPath: m_LocalScale.z
      value: 0.02
      objectReference: {fileID: 0}
    - target: {fileID: 5146681718063874739, guid: eca8af2c9941a964a899d75f7e559e28,
        type: 3}
      propertyPath: m_LocalPosition.x
      value: 0
      objectReference: {fileID: 0}
    - target: {fileID: 5146681718063874739, guid: eca8af2c9941a964a899d75f7e559e28,
        type: 3}
      propertyPath: m_LocalPosition.y
      value: 0
      objectReference: {fileID: 0}
    - target: {fileID: 5146681718063874739, guid: eca8af2c9941a964a899d75f7e559e28,
        type: 3}
      propertyPath: m_LocalPosition.z
      value: 0
      objectReference: {fileID: 0}
    - target: {fileID: 5146681718063874739, guid: eca8af2c9941a964a899d75f7e559e28,
        type: 3}
      propertyPath: m_LocalRotation.w
      value: 0.7071068
      objectReference: {fileID: 0}
    - target: {fileID: 5146681718063874739, guid: eca8af2c9941a964a899d75f7e559e28,
        type: 3}
      propertyPath: m_LocalRotation.x
      value: -0.7071068
      objectReference: {fileID: 0}
    - target: {fileID: 5146681718063874739, guid: eca8af2c9941a964a899d75f7e559e28,
        type: 3}
      propertyPath: m_LocalRotation.y
      value: -0
      objectReference: {fileID: 0}
    - target: {fileID: 5146681718063874739, guid: eca8af2c9941a964a899d75f7e559e28,
        type: 3}
      propertyPath: m_LocalRotation.z
      value: -0
      objectReference: {fileID: 0}
    - target: {fileID: 5146681718063874739, guid: eca8af2c9941a964a899d75f7e559e28,
        type: 3}
      propertyPath: m_LocalEulerAnglesHint.x
      value: 0
      objectReference: {fileID: 0}
    - target: {fileID: 5146681718063874739, guid: eca8af2c9941a964a899d75f7e559e28,
        type: 3}
      propertyPath: m_LocalEulerAnglesHint.y
      value: 0
      objectReference: {fileID: 0}
    - target: {fileID: 5146681718063874739, guid: eca8af2c9941a964a899d75f7e559e28,
        type: 3}
      propertyPath: m_LocalEulerAnglesHint.z
      value: 0
      objectReference: {fileID: 0}
    - target: {fileID: 5146681718063874739, guid: eca8af2c9941a964a899d75f7e559e28,
        type: 3}
      propertyPath: m_ConstrainProportionsScale
      value: 1
      objectReference: {fileID: 0}
    m_RemovedComponents: []
    m_RemovedGameObjects: []
    m_AddedGameObjects: []
    m_AddedComponents: []
  m_SourcePrefab: {fileID: 9199261849990390558, guid: eca8af2c9941a964a899d75f7e559e28,
    type: 3}
--- !u!1001 &2110629401
PrefabInstance:
  m_ObjectHideFlags: 0
  serializedVersion: 2
  m_Modification:
    serializedVersion: 3
    m_TransformParent: {fileID: 0}
    m_Modifications:
    - target: {fileID: 1897880797944346084, guid: 639421cd7a10419488ed924946b758b6,
        type: 3}
      propertyPath: m_LocalPosition.x
      value: 1.69
      objectReference: {fileID: 0}
    - target: {fileID: 1897880797944346084, guid: 639421cd7a10419488ed924946b758b6,
        type: 3}
      propertyPath: m_LocalPosition.y
      value: 0
      objectReference: {fileID: 0}
    - target: {fileID: 1897880797944346084, guid: 639421cd7a10419488ed924946b758b6,
        type: 3}
      propertyPath: m_LocalPosition.z
      value: 2.89
      objectReference: {fileID: 0}
    - target: {fileID: 1897880797944346084, guid: 639421cd7a10419488ed924946b758b6,
        type: 3}
      propertyPath: m_LocalRotation.w
      value: 0.92387956
      objectReference: {fileID: 0}
    - target: {fileID: 1897880797944346084, guid: 639421cd7a10419488ed924946b758b6,
        type: 3}
      propertyPath: m_LocalRotation.x
      value: 0
      objectReference: {fileID: 0}
    - target: {fileID: 1897880797944346084, guid: 639421cd7a10419488ed924946b758b6,
        type: 3}
      propertyPath: m_LocalRotation.y
      value: 0.38268343
      objectReference: {fileID: 0}
    - target: {fileID: 1897880797944346084, guid: 639421cd7a10419488ed924946b758b6,
        type: 3}
      propertyPath: m_LocalRotation.z
      value: 0
      objectReference: {fileID: 0}
    - target: {fileID: 1897880797944346084, guid: 639421cd7a10419488ed924946b758b6,
        type: 3}
      propertyPath: m_LocalEulerAnglesHint.x
      value: 0
      objectReference: {fileID: 0}
    - target: {fileID: 1897880797944346084, guid: 639421cd7a10419488ed924946b758b6,
        type: 3}
      propertyPath: m_LocalEulerAnglesHint.y
      value: 45
      objectReference: {fileID: 0}
    - target: {fileID: 1897880797944346084, guid: 639421cd7a10419488ed924946b758b6,
        type: 3}
      propertyPath: m_LocalEulerAnglesHint.z
      value: 0
      objectReference: {fileID: 0}
    - target: {fileID: 3259732582618953462, guid: 639421cd7a10419488ed924946b758b6,
        type: 3}
      propertyPath: m_Name
      value: Simple Interactable
      objectReference: {fileID: 0}
    - target: {fileID: 6093479148194890340, guid: 639421cd7a10419488ed924946b758b6,
        type: 3}
      propertyPath: GlobalObjectIdHash
      value: 2054348327
      objectReference: {fileID: 0}
    m_RemovedComponents: []
    m_RemovedGameObjects: []
    m_AddedGameObjects: []
    m_AddedComponents: []
  m_SourcePrefab: {fileID: 100100000, guid: 639421cd7a10419488ed924946b758b6, type: 3}
--- !u!1660057539 &9223372036854775807
SceneRoots:
  m_ObjectHideFlags: 0
  m_Roots:
  - {fileID: 1248357701}
  - {fileID: 514240753}
  - {fileID: 1231370016}
  - {fileID: 448449434}
  - {fileID: 698964669}
  - {fileID: 2110629401}
